<?xml version="1.0" encoding="UTF-8"?><collection xmlns="http://www.loc.gov/MARC21/slim"><record><leader>00501nam--2200181-u-4500</leader><controlfield tag="001">000055766</controlfield><controlfield tag="002">20161230</controlfield><controlfield tag="005">20161230201052</controlfield><controlfield tag="008">130411s1000------------r-----000-0-eng-d</controlfield><datafield ind1=" " ind2=" " tag="040"><subfield code="a">IFIN-HH</subfield></datafield><datafield ind1=" " ind2=" " tag="080"><subfield code="a">577.3:539.12.04:612.014.481</subfield></datafield><datafield ind1="1" ind2=" " tag="100"><subfield code="a">Wallace, Bruce</subfield></datafield><datafield ind1="1" ind2="0" tag="245"><subfield code="a">Radiation, genes, and man</subfield><subfield code="c">Bruce wallace, th. dobzhansky</subfield></datafield><datafield ind1=" " ind2=" " tag="260"><subfield code="a">New York</subfield><subfield code="b">Holt, Rinehart And William</subfield><subfield code="c">1959</subfield></datafield><datafield ind1=" " ind2=" " tag="300"><subfield code="a">XII+205P</subfield></datafield><datafield ind1="1" ind2=" " tag="700"><subfield code="a">Dobzhansky, Th</subfield></datafield><datafield ind1=" " ind2=" " tag="852"><subfield code="a">44575</subfield><subfield code="c">H.H</subfield></datafield><datafield ind1=" " ind2=" " tag="CAT"><subfield code="a">Sys</subfield><subfield code="c">20130411</subfield><subfield code="h">174407</subfield></datafield></record></collection>